<?xml version="1.0" encoding="UTF-8"?><collection xmlns="http://www.loc.gov/MARC21/slim"><record><leader>00690nam--2200193-i-4500</leader><controlfield tag="001">000043275</controlfield><controlfield tag="002">20161230</controlfield><controlfield tag="005">20170103163831</controlfield><controlfield tag="008">060222s1000------------r-----000-0-eng-d</controlfield><datafield ind1=" " ind2=" " tag="020"><subfield code="a">0126787506</subfield></datafield><datafield ind1=" " ind2=" " tag="080"><subfield code="a">537.533.35(061.3)</subfield></datafield><datafield ind1="1" ind2=" " tag="100"><subfield code="a">Swann, P.R</subfield></datafield><datafield ind1="1" ind2="0" tag="245"><subfield code="a">High voltage electron microscopy</subfield><subfield code="b">Proceedings of the Third International Conference on High Voltage Electron Microscopy held in August 1973 at St. Catherine's College, Oxford, England</subfield><subfield code="c">P.R. Swan, C.J. Humphreys, M.J.Ggoringe (eds.)</subfield></datafield><datafield ind1=" " ind2=" " tag="260"><subfield code="a">London</subfield><subfield code="b">Academic Press</subfield><subfield code="c">1974</subfield></datafield><datafield ind1=" " ind2=" " tag="300"><subfield code="a">XI + 475 p</subfield></datafield><datafield ind1=" " ind2=" " tag="490"><subfield code="a">Proceedings</subfield></datafield><datafield ind1="1" ind2=" " tag="700"><subfield code="a">Goringe, M.J</subfield><subfield code="e">Ed</subfield></datafield><datafield ind1=" " ind2=" " tag="852"><subfield code="a">42596</subfield><subfield code="c">537.533.35</subfield></datafield><datafield ind1=" " ind2=" " tag="CAT"><subfield code="a">SYS</subfield><subfield code="c">20170103</subfield><subfield code="h">163831</subfield></datafield></record></collection>